Column 1,Column 2,Date,SalesReplo,Product,Units,Price,Total Sales,City,State,Region,Day,Column 3,Column 4,Column 5,Column 6
,,1/1/2013,isabel cross,Nestle Aero Mint Potz,4,$495.00,,Ranchi,Jharkhand,East,Tuesday,,,,
,,1/2/2013,cecilia manning,Nestle Smarties Pop-Up,2,$438.00,,Trivandrum,Kerala,South,Wednesday,,,,
,,1/2/2013,isabel cross,Nestle Maxibon Cookie,1,$426.00,,Ranchi,Jharkhand,East,Wednesday,,,,
,,1/2/2013,shari silva,,2,$260.00,,Mysore,Karnataka,South,Wednesday,,,,
,,1/2/2013,trevor jones,Nestle Toffee Crumble,4,"""285""",,Pune,Maharashtra,West,Wednesday,,,,
,,1/3/2013,trevor jones,Nestle Toffee Crumble,2,$206.00,,Pune,Maharashtra,West,Thursday,,,,
,,1/3/2013,trevor Jones,Nestle Fab,3,$222.00,,Pune,Maharashtra,West,Thursday,,,,
,,1/4/2013,max rodgers,Nestle Milky Bar Stick,15,$458.00,,Nagpur,Maharashtra,West,Friday,,,,
,,1/4/2013,ruben nunez,Nestle Rowntree Fruit Pastil,2,$304.00,,Shimla,Himachal Pradesh,North,Friday,,,,
,,1/4/2013,salvador bass,Nestle Rowntree Fruit Pastil,2,$224.00,,Goa,Goa,West,Friday,,,,
,,1/4/2013,rachel gomez,Nestle Kit Kat Cone,2,$318.00,,Delhi,Delhi,North,Friday,,,,
,,1/4/2013,christina fuller,Nestle Fab,2,$165.00,,Nagpur,Maharashtra,West,Friday,,,,
,,1/4/2013,andrew meyer,Nestle Aero Mint Potz,6,$167.00,,Mumbai,Maharashtra,West,Friday,,,,
,,1/5/2013,don gonzales,Nestle Toffee Crumble,4,$431.00,,Mysore,Karnataka,South,Saturday,,,,
,,1/5/2013,ruben nunez,Nestle Fab,3,$342.00,,Srinagar,Jammu and Kashmir,North,Saturday,,,,
,,1/5/2013,shari silva,Nestle Rowntree Fruit Pastil,2,$180.00,,Mysore,Karnataka,South,Saturday,,,,
,,1/5/2013,herman williams,Nestle Fab,1,$435.00,,Darjeeling,West Bengal,East,Saturday,,,,
,,1/5/2013,ruben nunez,Nestle Smarties Pop-Up,19,$193.00,,Ahmedabad,Gujarat,West,Saturday,,,,
,,1/5/2013,beth tucker,Nestle Rowntree Fruit Pastil,3,$437.00,,Pune,Maharashtra,West,Saturday,,,,
,,1/5/2013,marian hill,Nestle Toffee Crumble,2,$298.00,,Trivandrum,Kerala,South,Saturday,,,,
,,1/5/2013,carla mccormick,Nestle Smarties Pop-Up,1,$247.00,,Varanasi,Uttar Pradesh,North,Saturday,,,,
,,1/5/2013,brooke horton,Nestle Smarties Pop-Up,2,$271.00,,Nainital,Uttarakhand,North,Saturday,,,,
,,1/5/2013,bethany pena,Nestle Rolo Potz,3,$297.00,,Nagpur,Maharashtra,West,Saturday,,,,
,,1/6/2013,Rachel gomez,Nestle Rolo Potz,2,$253.00,,Delhi,Delhi,North,Sunday,,,,
,,1/6/2013,sylvester morales,Nestle Smarties Pop-Up,1,$298.00,,Mumbai,Maharashtra,West,Sunday,,,,
,,1/7/2013,Kyle Carr,Nestle Rowntree Fruit Pastil,2,$292.00,,Delhi,Delhi,North,Monday,,,,
,,1/7/2013,salvador bass,Nestle Kit Kat Cone,1,$491.00,,Goa,Goa,West,Monday,,,,
,,1/7/2013,trevor jones,Nestle Rowntree Fruit Pastil,2,$401.00,,Pune,Maharashtra,West,Monday,,,,
,,1/7/2013,brooke horton,Nestle Rolo Potz,2,$255.00,,Nainital,Uttarakhand,North,Monday,,,,
,,1/7/2013,marian hill,Nestle Milky Bar Stick,1,$231.00,,Trivandrum,Kerala,South,Monday,,,,
,,1/7/2013,tracy reed,Nestle Maxibon Cookie,3,$356.00,,Agra,Uttar Pradesh,North,Monday,,,,
,,1/7/2013,trevor jones,Nestle Toffee Crumble,1,$228.00,,Pune,Maharashtra,West,Monday,,,,
,,1/8/2013,arturo frAncis,Nestle Smarties Pop-Up,3,$383.00,,Ranchi,Jharkhand,East,Tuesday,,,,
,,1/8/2013,bobbie ryan,Nestle Smarties Pop-Up,2,$433.00,,Darjeeling,West Bengal,East,Tuesday,,,,
,,1/8/2013,isabel cross,Nestle Aero Mint Potz,3,$290.00,,Ranchi,Jharkhand,East,Tuesday,,,,
,,1/8/2013,rachel gomez,Nestle Fab,21,$207.00,,Delhi,Delhi,North,Tuesday,,,,
,,1/9/2013,willie vega,Nestle Rowntree Fruit Pastil,3,$346.00,,Delhi,Delhi,North,Wednesday,,,,
,,1/9/2013,shari silva,Nestle Aero Mint Potz,2,$327.00,,Mysore,Karnataka,South,Wednesday,,,,
,,1/9/2013,max rodgers,,3,$336.00,,Nagpur,Maharashtra,West,Wednesday,,,,
,,1/9/2013,lance yates,Nestle Maxibon Cookie,2,$118.00,,Srinagar,Jammu and Kashmir,North,Wednesday,,,,
,,1/10/2013,jenny garcia,Nestle Toffee Crumble,1,$492.00,,Shimla,Himachal Pradesh,North,Thursday,,,,
,,1/10/2013,peter hodges,Nestle Toffee Crumble,2,$218.00,,Shimla,Himachal Pradesh,North,Thursday,,,,
,,1/10/2013,drew rogers,Nestle Nobbly Bobbly,3,$188.00,,Delhi,Delhi,North,Thursday,,,,
,,1/10/2013,marian hill,Nestle Smarties Pop-Up,1,$361.00,,Trivandrum,Kerala,South,Thursday,,,,
,,1/11/2013,ruben nunez,Nestle Fab,1,$494.00,,Ahmedabad,Gujarat,West,Friday,,,,
,,1/11/2013,mable lindsey,Nestle Nobbly Bobbly,19,$342.00,,Ahmedabad,Gujarat,West,Friday,,,,
,,1/11/2013,christina fuller,Nestle Maxibon Cookie,2,$162.00,,Nagpur,Maharashtra,West,Friday,,,,
,,1/11/2013,bernadette page,Nestle Fab,1,$316.00,,Delhi,Delhi,North,Friday,,,,
,,1/11/2013,lee mack,Nestle Aero Mint Potz,2,$401.00,,Delhi,Delhi,North,Friday,,,,
,,1/11/2013,marion glover,Nestle Toffee Crumble,2,$443.00,,Durgapur,West Bengal,East,Friday,,,,
,,1/11/2013,cassandra franklin,Nestle Nobbly Bobbly,2,$342.00,,Delhi,Delhi,North,Friday,,,,
,,1/11/2013,eric rose,Nestle Nobbly Bobbly,3,$498.00,,Mumbai,Maharashtra,West,Friday,,,,
,,1/11/2013,christy olson,Nestle Toffee Crumble,1,$100.00,,Surat,Gujarat,West,Friday,,,,
,,1/12/2013,cecilia manning,Nestle Rolo Potz,2,$178.00,,Trivandrum,Kerala,South,Saturday,,,,
,,1/12/2013,cecilia manning,Nestle Milky Bar Stick,1,$352.00,,Trivandrum,Kerala,South,Saturday,,,,
,,1/12/2013,jaime pearson,Nestle Kit Kat Cone,1,$279.00,,Jodhpur,Rajasthan,North,Saturday,,,,
,,1/12/2013,johanna boone,Nestle Rowntree Fruit Pastil,3,$300.00,,Mysore,Karnataka,South,Saturday,,,,
,,1/12/2013,dan peterson,Nestle Rowntree Screamers,1,$320.00,,Shimla,Himachal Pradesh,North,Saturday,,,,
,,1/12/2013,christy olson,Nestle Smarties Pop-Up,2,$350.00,,Surat,Gujarat,West,Saturday,,,,
,,1/13/2013,lula daniels,Nestle Fab,2,$231.00,,Nainital,Uttarakhand,North,Sunday,,,,
,,1/13/2013,rachel gomez,Nestle Rowntree Fruit Pastil,4,$477.00,,Delhi,Delhi,North,Sunday,,,,
,,1/13/2013,edwin malone,Nestle Aero Mint Potz,3,$432.00,,Kolkata,West Bengal,East,Sunday,,,,
,,1/13/2013,dan peterson,Nestle Maxibon Cookie,2,$149.00,,Shimla,Himachal Pradesh,North,Sunday,,,,
,,1/14/2013,cassandra franklin,Nestle Fab,4,"""403""",,Delhi,Delhi,North,Monday,,,,
,,1/14/2013,shari silva,Nestle Kit Kat Cone,2,$489.00,,Mysore,Karnataka,South,Monday,,,,
,,1/14/2013,brooke horton,Nestle Fab,15,$370.00,,Nainital,Uttarakhand,North,Monday,,,,
,,1/14/2013,ben perez,Nestle Fab,2,$191.00,,Goa,Goa,West,Monday,,,,
,,1/14/2013,willie vega,Nestle Milky Bar Stick,1,$411.00,,Delhi,Delhi,North,Monday,,,,
,,1/15/2013,bernadette page,Nestle Smarties Pop-Up,2,$296.00,,Delhi,Delhi,North,Tuesday,,,,
,,1/15/2013,drew rogers,Nestle Maxibon Cookie,3,$203.00,,Delhi,Delhi,North,Tuesday,,,,
,,1/15/2013,shari silva,Nestle Smarties Pop-Up,1,$151.00,,Mysore,Karnataka,South,Tuesday,,,,
,,1/15/2013,elvira bowman,Nestle Rowntree Fruit Pastil,3,$262.00,,Srinagar,Jammu and Kashmir,North,Tuesday,,,,
,,1/15/2013,drew rogers,Nestle Kit Kat Cone,1,$201.00,,Delhi,Delhi,North,Tuesday,,,,
,,1/15/2013,rachel gomez,Nestle Fab,2,$474.00,,Delhi,Delhi,North,Tuesday,,,,
,,1/16/2013,drew rogers,Nestle Rowntree Fruit Pastil,2,$406.00,,Delhi,Delhi,North,Wednesday,,,,
,,1/16/2013,guillermo potter,Nestle Rolo Potz,2,$236.00,,Nainital,Uttarakhand,North,Wednesday,,,,
,,1/16/2013,lula daniels,Nestle Milky Bar Stick,3,$482.00,,Nainital,Uttarakhand,North,Wednesday,,,,
,,1/16/2013,marion glover,Nestle Smarties Pop-Up,2,$210.00,,Durgapur,West Bengal,East,Wednesday,,,,
,,1/17/2013,trevor jones,Nestle Maxibon Cookie,2,$178.00,,Pune,Maharashtra,West,Thursday,,,,
,,1/17/2013,max rodgers,Nestle Rowntree Fruit Pastil,3,$180.00,,Nagpur,Maharashtra,West,Thursday,,,,
,,1/17/2013,pauline beck,Nestle Aero Mint Potz,2,$224.00,,Pune,Maharashtra,West,Thursday,,,,
,,1/17/2013,marion glover,Nestle Nobbly Bobbly,1,$203.00,,Durgapur,West Bengal,East,Thursday,,,,
,,1/17/2013,ernest davis,Nestle Aero Mint Potz,1,$261.00,,Mumbai,Maharashtra,West,Thursday,,,,
,,1/17/2013,johanna boone,Nestle Milky Bar Stick,1,$415.00,,Mysore,Karnataka,South,Thursday,,,,
,,1/17/2013,salvador bass,Nestle Smarties Pop-Up,2,$441.00,,Goa,Goa,West,Thursday,,,,
,,1/17/2013,herman williams,Nestle Rowntree Screamers,3,$380.00,,Darjeeling,West Bengal,East,Thursday,,,,
,,1/18/2013,shari silva,Nestle Kit Kat Cone,3,$176.00,,Mysore,Karnataka,South,Friday,,,,
,,1/18/2013,robert munoz,Nestle Maxibon Cookie,2,$414.00,,Delhi,Delhi,North,Friday,,,,
,,1/18/2013,ellen weaver,Nestle Fab,3,$395.00,,Hyderabad,Telangana,South,Friday,,,,
,,1/18/2013,bobbie ryan,Nestle Smarties Pop-Up,,$496.00,,Darjeeling,West Bengal,East,Friday,,,,
,,1/19/2013,lance yates,Nestle Toffee Crumble,3,$337.00,,Srinagar,Jammu and Kashmir,North,Saturday,,,,
,,1/19/2013,mable lindsey,Nestle Milky Bar Stick,3,$398.00,,Ahmedabad,Gujarat,West,Saturday,,,,
,,1/20/2013,ivan adkins,Nestle Aero Mint Potz,1,$485.00,,Mumbai,Maharashtra,West,Sunday,,,,
,,1/20/2013,christina fuller,Nestle Rowntree Fruit Pastil,3,$285.00,,Nagpur,Maharashtra,West,Sunday,,,,
,,1/20/2013,robert munoz,Nestle Toffee Crumble,21,$418.00,,Delhi,Delhi,North,Sunday,,,,
,,1/20/2013,johanna boone,Nestle Smarties Pop-Up,2,$130.00,,Mysore,Karnataka,South,Sunday,,,,
,,1/20/2013,cassandra franklin,Nestle Smarties Pop-Up,3,$188.00,,Delhi,Delhi,North,Sunday,,,,
,,1/20/2013,cecilia manning,Nestle Kit Kat Cone,12,$157.00,,Trivandrum,Kerala,South,Sunday,,,,
,,1/21/2013,jenny garcia,Nestle Smarties Pop-Up,3,$262.00,,Shimla,Himachal Pradesh,North,Monday,,,,
,,1/21/2013,jaime pearson,Nestle Milky Bar Stick,2,$326.00,,Jodhpur,Rajasthan,North,Monday,,,,
,,1/21/2013,rachel gomez,Nestle Milky Bar Stick,2,$323.00,,Delhi,Delhi,North,Monday,,,,
,,1/21/2013,ellen weaver,Nestle Smarties Pop-Up,3,$191.00,,Hyderabad,Telangana,South,Monday,,,,
,,1/21/2013,shari silva,Nestle Aero Mint Potz,1,$265.00,,Mysore,Karnataka,South,Monday,,,,
,,1/21/2013,eric rose,Nestle Aero Mint Potz,3,$414.00,,Mumbai,Maharashtra,West,Monday,,,,
,,1/21/2013,lula daniels,Nestle Milky Bar Stick,2,$252.00,,Nainital,Uttarakhand,North,Monday,,,,
,,1/21/2013,salvador bass,Nestle Maxibon Cookie,1,$243.00,,Goa,Goa,West,Monday,,,,
,,1/22/2013,elvira bowman,Nestle Aero Mint Potz,22,$491.00,,Srinagar,Jammu and Kashmir,North,Tuesday,,,,
,,1/22/2013,mable lindsey,Nestle Maxibon Cookie,2,$150.00,,Ahmedabad,Gujarat,West,Tuesday,,,,
,,1/22/2013,andrew meyer,Nestle Fab,1,$264.00,,Mumbai,Maharashtra,West,Tuesday,,,,
,,1/22/2013,lynette brewer,Nestle Toffee Crumble,19,$136.00,,Varanasi,Uttar Pradesh,North,Tuesday,,,,
,,1/22/2013,johanna boone,Nestle Rowntree Fruit Pastil,1,$254.00,,Mysore,Karnataka,South,Tuesday,,,,
,,1/22/2013,edwin malone,Nestle Smarties Pop-Up,2,$136.00,,Kolkata,West Bengal,East,Tuesday,,,,
,,1/23/2013,della jensen,Nestle Rowntree Fruit Pastil,2,$450.00,,Patna,Bihar,East,Wednesday,,,,
,,1/23/2013,blake bridges,Nestle Maxibon Cookie,2,$439.00,,Cochin,Kerala,South,Wednesday,,,,
,,1/23/2013,mable lindsey,Nestle Kit Kat Cone,23,$140.00,,Ahmedabad,Gujarat,West,Wednesday,,,,
,,1/23/2013,ernest davis,Nestle Aero Mint Potz,3,$259.00,,Mumbai,Maharashtra,West,Wednesday,,,,
,,1/23/2013,della jensen,Nestle Toffee Crumble,2,$324.00,,Patna,Bihar,East,Wednesday,,,,
,,1/24/2013,robert munoz,Nestle Toffee Crumble,2,$374.00,,Delhi,Delhi,North,Thursday,,,,
,,1/24/2013,cecilia manning,Nestle Rolo Potz,11,$433.00,,Trivandrum,Kerala,South,Thursday,,,,
,,1/24/2013,salvador bass,Nestle Aero Mint Potz,3,$377.00,,Goa,Goa,West,Thursday,,,,
,,1/25/2013,cassandra franklin,Nestle Rowntree Fruit Pastil,2,$308.00,,Delhi,Delhi,North,Friday,,,,
,,1/25/2013,lee mack,Nestle Fab,,$199.00,,Delhi,Delhi,North,Friday,,,,
,,1/25/2013,rachel gomez,Nestle Milky Bar Stick,3,$464.00,,Delhi,Delhi,North,Friday,,,,
,,1/25/2013,shari silva,Nestle Maxibon Cookie,2,$319.00,,Mysore,Karnataka,South,Friday,,,,
,,1/26/2013,shari silva,Nestle Rowntree Fruit Pastil,2,$465.00,,Mysore,Karnataka,South,Saturday,,,,
,,1/26/2013,robert munoz,Nestle Milky Bar Stick,2,$182.00,,Delhi,Delhi,North,Saturday,,,,
,,1/26/2013,ernest davis,Nestle Milky Bar Stick,1,$401.00,,Mumbai,Maharashtra,West,Saturday,,,,
,,1/26/2013,lee mack,Nestle Smarties Pop-Up,7,$293.00,,Delhi,Delhi,North,Saturday,,,,
,,1/26/2013,rachel gomez,Nestle Kit Kat Cone,1,$147.00,,Delhi,Delhi,North,Saturday,,,,
,,1/26/2013,andrew meyer,Nestle Fab,20,$136.00,,Mumbai,Maharashtra,West,Saturday,,,,
,,1/27/2013,isabel cross,Nestle Smarties Pop-Up,20,$348.00,,Ranchi,Jharkhand,East,Sunday,,,,
,,1/27/2013,cindy becker,Nestle Fab,2,$244.00,,Bangalore,Karnataka,South,Sunday,,,,
,,1/27/2013,felicia jennings,Nestle Milky Bar Stick,1,$253.00,,Pune,Maharashtra,West,Sunday,,,,
,,1/27/2013,della jensen,Nestle Aero Mint Potz,1,$155.00,,Patna,Bihar,East,Sunday,,,,
,,1/28/2013,bernadette page,Nestle Aero Mint Potz,2,$100.00,,Delhi,Delhi,North,Monday,,,,
,,1/28/2013,rachel gomez,Nestle Milky Bar Stick,1,$319.00,,Delhi,Delhi,North,Monday,,,,
,,1/28/2013,cecilia manning,Nestle Aero Mint Potz,3,$284.00,,Trivandrum,Kerala,South,Monday,,,,
,,1/29/2013,lee mack,Nestle Rowntree Fruit Pastil,1,$167.00,,Delhi,Delhi,North,Tuesday,,,,
,,1/29/2013,robert munoz,Nestle Rowntree Fruit Pastil,2,$370.00,,Delhi,Delhi,North,Tuesday,,,,
,,1/29/2013,lee mack,Nestle Rowntree Fruit Pastil,22,$365.00,,Delhi,Delhi,0,Tuesday,,,,
,,1/30/2013,CArla mccormick,Nestle Smarties Pop-Up,3,$222.00,,Varanasi,Uttar Pradesh,North,Wednesday,,,,
,,1/30/2013,iris underwood,Nestle Milky Bar Stick,1,$200.00,,Pune,Maharashtra,West,Wednesday,,,,
,,1/30/2013,brooke horton,Nestle Smarties Pop-Up,3,$429.00,,Nainital,Uttarakhand,North,Wednesday,,,,
,,1/31/2013,edwin malone,1234,3,$129.00,,Kolkata,West Bengal,East,Thursday,,,,
,,1/31/2013,johanna boone,Nestle Rowntree Fruit Pastil,2,$355.00,,Mysore,Karnataka,South,Thursday,,,,
,,1/31/2013,cassandra franklin,Nestle Milky Bar Stick,2,$168.00,,Delhi,Delhi,North,Thursday,,,,
,,1/31/2013,guillermo potter,Nestle Milky Bar Stick,2,$210.00,,Nainital,Uttarakhand,North,Thursday,,,,
,,1/31/2013,edwin malone,Nestle Fab,1,$138.00,,Kolkata,West Bengal,East,Thursday,,,,
,,1/31/2013,joey wong,Nestle Smarties Pop-Up,3,$493.00,,Goa,Goa,West,Thursday,,,,
,,2/1/2013,rachel gomez,Nestle Rowntree Fruit Pastil,1,$160.00,,Delhi,Delhi,North,Friday,,,,
,,2/1/2013,joey wong,Nestle Maxibon Cookie,2,$151.00,,Goa,Goa,West,Friday,,,,
,,2/1/2013,trevor jones,Nestle Aero Mint Potz,3,$383.00,,Pune,Maharashtra,West,Friday,,,,
,,2/1/2013,andrew meyer,Nestle Rowntree Screamers,3,$187.00,,Mumbai,Maharashtra,West,Friday,,,,
,,2/1/2013,drew rogers,Nestle Smarties Pop-Up,1,$111.00,,Delhi,Delhi,North,Friday,,,,
,,2/1/2013,max rodgers,Nestle Rowntree Fruit Pastil,1,$114.00,,Nagpur,Maharashtra,West,Friday,,,,
,,2/1/2013,mable lindsey,Nestle Milky Bar Stick,2,$208.00,,Ahmedabad,Gujarat,West,Friday,,,,
,,2/2/2013,colleen warren,Nestle Smarties Pop-Up,1,$288.00,,Ahmedabad,Gujarat,West,Saturday,,,,
,,2/2/2013,cassandra franklin,Nestle Milky Bar Stick,3,$282.00,,Delhi,Delhi,North,Saturday,,,,
,,2/3/2013,pauline beck,Nestle Rowntree Fruit Pastil,1,$372.00,,Pune,Maharashtra,West,Sunday,,,,
,,2/3/2013,joey wong,Nestle Kit Kat Cone,2,$119.00,,Goa,Goa,West,Sunday,,,,
,,2/3/2013,trevor jones,Nestle Toffee Crumble,1,$114.00,,Pune,Maharashtra,West,Sunday,,,,
,,2/3/2013,cindy becker,Nestle Fab,1,$367.00,,Bangalore,Karnataka,South,Sunday,,,,
,,2/4/2013,trevor jones,Nestle Aero Mint Potz,3,$247.00,,Pune,Maharashtra,West,Monday,,,,
,,2/4/2013,robert munoz,Nestle Rolo Potz,2,$365.00,,Delhi,Delhi,North,Monday,,,,
,,2/4/2013,max rodgers,Nestle Rowntree Screamers,1,$410.00,,Nagpur,Maharashtra,West,Monday,,,,
,,2/5/2013,bobbie ryan,Nestle Aero Mint Potz,3,$163.00,,Darjeeling,West Bengal,East,Tuesday,,,,
,,2/5/2013,beth tucker,Nestle Kit Kat Cone,2,$164.00,,Pune,Maharashtra,West,Tuesday,,,,
,,2/5/2013,robert munoz,Nestle Nobbly Bobbly,2,$278.00,,Delhi,Delhi,North,Tuesday,,,,
,,2/6/2013,elvira bowman,Nestle Smarties Pop-Up,3,$396.00,,Srinagar,Jammu and Kashmir,North,Wednesday,,,,
,,0,brooke horton,Nestle Toffee Crumble,2,$296.00,,Nainital,Uttarakhand,North,Wednesday,,,,
,,2/6/2013,salvador bass,Nestle Smarties Pop-Up,1,$233.00,,Goa,Goa,West,Wednesday,,,,
,,2/6/2013,patty thompson,Nestle Rolo Potz,3,$189.00,,Mumbai,Maharashtra,West,Wednesday,,,,
,,2/6/2013,felicia jennings,Nestle Rolo Potz,1,$118.00,,Pune,Maharashtra,West,Wednesday,,,,
,,2/6/2013,edwin malone,Nestle Kit Kat Cone,1,$426.00,,Kolkata,West Bengal,East,Wednesday,,,,
,,2/6/2013,iris underwood,Nestle Kit Kat Cone,3,$435.00,,Pune,Maharashtra,West,Wednesday,,,,
,,2/6/2013,salvador bass,Nestle Fab,1,$464.00,,Goa,Goa,West,Wednesday,,,,
,,2/7/2013,jaime pearson,Nestle Milky Bar Stick,1,$337.00,,Jodhpur,Rajasthan,North,Thursday,,,,
,,2/7/2013,arturo francis,Nestle Smarties Pop-Up,1,$472.00,,Ranchi,Jharkhand,East,Thursday,,,,
,,2/7/2013,shari silva,Nestle Fab,3,$185.00,,Mysore,Karnataka,South,Thursday,,,,
,,2/7/2013,herman williams,Nestle Toffee Crumble,1,$416.00,,Darjeeling,West Bengal,East,Thursday,,,,
,,2/8/2013,trevor jones,Nestle Smarties Pop-Up,1,$396.00,,Pune,Maharashtra,West,Friday,,,,
,,2/8/2013,eric rose,Nestle Fab,2,$248.00,,Mumbai,Maharashtra,West,Friday,,,,
,,2/8/2013,lula daniels,Nestle Toffee Crumble,12,$217.00,,Nainital,Uttarakhand,North,Friday,,,,
,,2/8/2013,fernando rowe,Nestle Rowntree Fruit Pastil,1,$317.00,,Ahmedabad,Gujarat,West,Friday,,,,
,,2/8/2013,lorraine gibson,Nestle Toffee Crumble,3,$362.00,,Kolkata,West Bengal,East,Friday,,,,
,,2/8/2013,donna reid,Nestle Fab,2,$137.00,,Goa,Goa,West,Friday,,,,
,,2/8/2013,rachel gomez,Nestle Rowntree Fruit Pastil,4,$294.00,,Delhi,Delhi,North,Friday,,,,
,,2/9/2013,jaime pearson,Nestle Rowntree Screamers,2,$146.00,,Jodhpur,Rajasthan,North,Saturday,,,,
,,2/9/2013,donna reid,Nestle Rolo Potz,13,$463.00,,Goa,Goa,West,Saturday,,,,
,,2/9/2013,lynette brewer,Nestle Rowntree Fruit Pastil,2,$464.00,,Varanasi,Uttar Pradesh,North,Saturday,,,,
,,2/9/2013,colleen warren,Nestle Milky Bar Stick,2,$394.00,,Ahmedabad,Gujarat,West,Saturday,,,,
,,2/9/2013,robert munoz,Nestle Smarties Pop-Up,1,$136.00,,Delhi,Delhi,North,Saturday,,,,
,,2/9/2013,iris underwood,Nestle Rowntree Fruit Pastil,3,$361.00,,Pune,Maharashtra,West,Saturday,,,,
,,2/10/2013,kyle carr,Nestle Nobbly Bobbly,3,$217.00,,Delhi,Delhi,North,Sunday,,,,
,,2/10/2013,robert munoz,Nestle Rowntree Screamers,2,$286.00,,Delhi,Delhi,North,Sunday,,,,
,,2/11/2013,arturo francis,Nestle Rolo Potz,3,$132.00,,Ranchi,Jharkhand,East,Monday,,,,
,,2/11/2013,mable lindsey,Nestle Aero Mint Potz,2,$331.00,,Ahmedabad,Gujarat,West,Monday,,,,
,,2/11/2013,johanna boone,Nestle Aero Mint Potz,4,$294.00,,Mysore,Karnataka,South,Monday,,,,
,,2/11/2013,lula daniels,Nestle Toffee Crumble,18,$163.00,,Nainital,Uttarakhand,North,Monday,,,,
,,2/11/2013,tracy reed,Nestle Maxibon Cookie,3,$487.00,,Agra,Uttar Pradesh,North,Monday,,,,
,,NUll,eddie green,Nestle Smarties Pop-Up,3,$144.00,,Durgapur,West Bengal,East,Monday,,,,
,,2/11/2013,herman williams,Nestle Toffee Crumble,1,$269.00,,Darjeeling,West Bengal,East,Monday,,,,
,,2/11/2013,guillermo potter,Nestle Rolo Potz,3,$166.00,,Nainital,Uttarakhand,North,Monday,,,,
,,2/11/2013,ernest davis,Nestle Fab,4,$469.00,,Mumbai,Maharashtra,West,Monday,,,,
,,2/12/2013,trevor jones,Nestle Rowntree Screamers,1,$122.00,,Pune,Maharashtra,West,Tuesday,,,,
,,2/12/2013,brooke horton,Nestle Smarties Pop-Up,4,$140.00,,Nainital,Uttarakhand,North,Tuesday,,,,
,,2/12/2013,herman williams,Nestle Nobbly Bobbly,1,$133.00,,Darjeeling,West Bengal,East,Tuesday,,,,
,,2/13/2013,eddie green,Nestle Fab,1,$308.00,,Durgapur,West Bengal,East,Wednesday,,,,
,,2/13/2013,salvador bass,Nestle Aero Mint Potz,3,$186.00,,Goa,Goa,West,Wednesday,,,,
,,2/13/2013,iris underwood,Nestle Fab,3,$248.00,,Pune,Maharashtra,West,Wednesday,,,,
,,2/14/2013,donna reid,Nestle Toffee Crumble,3,$386.00,,Goa,Goa,West,Thursday,,,,
,,2/14/2013,rachel gomez,Nestle Rowntree Screamers,1,$269.00,,Delhi,Delhi,North,Thursday,,,,
,,2/14/2013,bobbie ryan,Nestle Aero Mint Potz,1,$470.00,,Darjeeling,West Bengal,East,Thursday,,,,
,,2/14/2013,eddie green,Nestle Milky Bar Stick,4,$261.00,,Durgapur,West Bengal,East,Thursday,,,,
,,2/14/2013,shari silva,Nestle Milky Bar Stick,3,$197.00,,Mysore,Karnataka,South,Thursday,,,,
,,2/15/2013,lynette brewer,Nestle Nobbly Bobbly,2,$433.00,,Varanasi,Uttar Pradesh,North,Friday,,,,
,,2/15/2013,pauline beck,Nestle Rowntree Fruit Pastil,3,$437.00,,Pune,Maharashtra,West,Friday,,,,
,,2/15/2013,charlie wood,Nestle Fab,2,$331.00,,Agra,Uttar Pradesh,North,Friday,,,,
,,2/15/2013,bethany pena,Nestle Maxibon Cookie,2,$221.00,,Nagpur,Maharashtra,West,Friday,,,,
,,2/15/2013,shari silva,Nestle Rolo Potz,2,$362.00,,Mysore,Karnataka,South,Friday,,,,
,,2/16/2013,ernest davis,Nestle Smarties Pop-Up,2,$364.00,,Mumbai,Maharashtra,West,Saturday,,,,
,,2/16/2013,lance yates,Nestle Maxibon Cookie,3,$391.00,,Srinagar,Jammu and Kashmir,North,Saturday,,,,
,,2/16/2013,jenny garcia,Nestle Kit Kat Cone,3,$210.00,,Shimla,Himachal Pradesh,North,Saturday,,,,
,,2/17/2013,pauline beck,Nestle Aero Mint Potz,18,$205.00,,Pune,Maharashtra,West,Sunday,,,,
,,2/17/2013,ellen weaver,Nestle Fab,2,$365.00,,Hyderabad,Telangana,South,Sunday,,,,
,,2/17/2013,austin reynolds,Nestle Aero Mint Potz,3,$344.00,,Kolkata,West Bengal,East,Sunday,,,,
,,2/17/2013,willie vega,Nestle Maxibon Cookie,3,$145.00,,Delhi,Delhi,North,Sunday,,,,
,,2/17/2013,salvador bass,Nestle Aero Mint Potz,3,$109.00,,Goa,Goa,West,Sunday,,,,
,,2/17/2013,rachel gomez,Nestle Milky Bar Stick,13,$293.00,,Delhi,Delhi,North,Sunday,,,,
,,2/18/2013,drew rogers,Nestle Nobbly Bobbly,4,$467.00,,Delhi,Delhi,North,Monday,,,,
,,2/18/2013,guillermo potter,Nestle Aero Mint Potz,4,$296.00,,Nainital,Uttarakhand,North,Monday,,,,
,,2/19/2013,cassandra franklin,Nestle Toffee Crumble,4,$390.00,,Delhi,Delhi,North,Tuesday,,,,
,,2/19/2013,cindy becker,Nestle Milky Bar Stick,17,$410.00,,Bangalore,Karnataka,South,Tuesday,,,,
,,2/20/2013,max rodgers,Nestle Fab,2,$213.00,,Nagpur,Maharashtra,West,Wednesday,,,,
,,2/20/2013,shari silva,Nestle Rowntree Fruit Pastil,3,$101.00,,Mysore,Karnataka,South,Wednesday,,,,
,,2/20/2013,robert munoz,Nestle Aero Mint Potz,3,$101.00,,Delhi,Delhi,North,Wednesday,,,,
,,2/21/2013,cassandra franklin,Nestle Rolo Potz,1,$291.00,,Delhi,Delhi,North,Thursday,,,,
,,2/21/2013,salvador bass,Nestle Smarties Pop-Up,2,$347.00,,Goa,Goa,West,Thursday,,,,
,,2/21/2013,johanna boone,Nestle Maxibon Cookie,3,$485.00,,Mysore,Karnataka,South,Thursday,,,,
,,2/21/2013,eddie green,Nestle Milky Bar Stick,1,$338.00,,Durgapur,West Bengal,East,Thursday,,,,
,,2/21/2013,woodrow colon,Nestle Nobbly Bobbly,3,$141.00,,Cochin,Kerala,South,Thursday,,,,
,,2/22/2013,iris underwood,Nestle Kit Kat Cone,16,$474.00,,Pune,Maharashtra,West,Friday,,,,
,,2/22/2013,isabel cross,Nestle Rolo Potz,3,$409.00,,Ranchi,Jharkhand,East,Friday,,,,
,,2/22/2013,max rodgers,Nestle Kit Kat Cone,1,$453.00,,Nagpur,Maharashtra,West,Friday,,,,
,,2/22/2013,charlie wood,Nestle Kit Kat Cone,13,$354.00,,Agra,Uttar Pradesh,North,Friday,,,,
,,2/22/2013,iris underwood,Nestle Kit Kat Cone,16,$474.00,,Pune,Maharashtra,West,Friday,,,,
,,2/22/2013,isabel cross,Nestle Rolo Potz,3,$409.00,,Ranchi,Jharkhand,East,Friday,,,,
,,2/22/2013,max rodgers,Nestle Kit Kat Cone,1,$453.00,,Nagpur,Maharashtra,West,Friday,,,,
,,2/23/2013,tiffany may,Nestle Rowntree Screamers,3,$253.00,,Agra,Uttar Pradesh,North,Saturday,,,,
,,2/23/2013,marian hill,Nestle Milky Bar Stick,1,$301.00,,Trivandrum,Kerala,South,Saturday,,,,
,,2/23/2013,isabel cross,Nestle Aero Mint Potz,3,$409.00,,Ranchi,Jharkhand,East,Saturday,,,,
,,2/23/2013,salvador bass,Nestle Nobbly Bobbly,3,$447.00,,Goa,Goa,West,Saturday,,,,
,,2/23/2013,lula daniels,Nestle Fab,4,$142.00,,Nainital,Uttarakhand,North,Saturday,,,,
,,2/24/2013,brooke horton,Nestle Rowntree Fruit Pastil,1,$280.00,,Nainital,Uttarakhand,North,Sunday,,,,
,,2/24/2013,salvador bass,Nestle Rowntree Fruit Pastil,1,$247.00,,Goa,Goa,West,Sunday,,,,
,,2/24/2013,felicia jennings,Nestle Aero Mint Potz,3,$284.00,,Pune,Maharashtra,West,Sunday,,,,
,,2/24/2013,elbert klein,Nestle Milky Bar Stick,2,$401.00,,Cochin,Kerala,South,Sunday,,,,
,,2/24/2013,cecilia manning,Nestle Toffee Crumble,3,$365.00,,Trivandrum,Kerala,South,Sunday,,,,
,,2/24/2013,bobbie ryan,Nestle Rolo Potz,2,$222.00,,Darjeeling,West Bengal,East,Sunday,,,,
,,2/25/2013,elvira bowman,Nestle Rowntree Fruit Pastil,3,$440.00,,Srinagar,Jammu and Kashmir,North,Monday,,,,
,,2/26/2013,edwin malone,Nestle Maxibon Cookie,20,$325.00,,Kolkata,West Bengal,East,Tuesday,,,,
,,2/26/2013,jaime pearson,Nestle Kit Kat Cone,1,$336.00,,Jodhpur,Rajasthan,North,Tuesday,,,,
,,2/26/2013,shari silva,Nestle Nobbly Bobbly,2,$236.00,,Mysore,Karnataka,South,Tuesday,,,,
,,2/26/2013,robert munoz,Nestle Fab,2,$177.00,,Delhi,Delhi,North,Tuesday,,,,
,,2/26/2013,johanna boone,Nestle Smarties Pop-Up,3,$401.00,,Mysore,Karnataka,South,Tuesday,,,,
,,2/26/2013,drew rogers,Nestle Rowntree Screamers,2,$204.00,,Delhi,Delhi,North,Tuesday,,,,
,,2/26/2013,tiffany may,Nestle Smarties Pop-Up,1,$413.00,,Agra,Uttar Pradesh,North,Tuesday,,,,
,,2/27/2013,willie vega,Nestle Fab,1,$106.00,,Delhi,Delhi,North,Wednesday,,,,
,,2/27/2013,robert munoz,Nestle Rowntree Fruit Pastil,2,$121.00,,Delhi,Delhi,North,Wednesday,,,,
,,2/27/2013,isabel cross,Nestle Fab,2,$475.00,,Ranchi,Jharkhand,East,Wednesday,,,,
,,2/27/2013,tiffany may,Nestle Rowntree Screamers,3,$438.00,,Agra,Uttar Pradesh,North,Wednesday,,,,
,,2/27/2013,robert munoz,Nestle Toffee Crumble,2,$317.00,,Delhi,Delhi,North,Wednesday,,,,
,,2/27/2013,andrew meyer,Nestle Fab,2,$159.00,,Mumbai,Maharashtra,West,Wednesday,,,,
,,2/28/2013,donna reid,Nestle Fab,2,$476.00,,Goa,Goa,West,Thursday,,,,
,,2/28/2013,jaime pearson,Nestle Smarties Pop-Up,2,$410.00,,Jodhpur,Rajasthan,North,Thursday,,,,
,,2/28/2013,kyle carr,Nestle Aero Mint Potz,3,$407.00,,Delhi,Delhi,North,Thursday,,,,
,,2/28/2013,robert munoz,Nestle Toffee Crumble,24,$491.00,,Delhi,Delhi,North,Thursday,,,,
,,2/28/2013,trevor jones,Nestle Kit Kat Cone,1,$246.00,,Pune,Maharashtra,West,Thursday,,,,
,,2/28/2013,johanna boone,Nestle Toffee Crumble,2,$204.00,,Mysore,Karnataka,South,Thursday,,,,
,,3/1/2013,jenny garcia,Nestle Toffee Crumble,24,$204.00,,Shimla,Himachal Pradesh,North,Friday,,,,
,,3/1/2013,brooke horton,Nestle Smarties Pop-Up,1,$355.00,,Nainital,Uttarakhand,North,Friday,,,,
,,3/1/2013,salvador bass,Nestle Toffee Crumble,2,$421.00,,Goa,Goa,West,Friday,,,,
,,3/1/2013,kyle carr,Nestle Toffee Crumble,1,$302.00,,Delhi,Delhi,North,Friday,,,,
,,3/1/2013,della jensen,Nestle Kit Kat Cone,1,$197.00,,Patna,Bihar,East,Friday,,,,
,,3/2/2013,bethany pena,Nestle Aero Mint Potz,1,$152.00,,Nagpur,Maharashtra,West,Saturday,,,,
,,3/2/2013,marion glover,Nestle Rowntree Fruit Pastil,3,$412.00,,Durgapur,West Bengal,East,Saturday,,,,
,,3/3/2013,eric rose,Nestle Rowntree Fruit Pastil,2,$137.00,,Mumbai,Maharashtra,West,Sunday,,,,
,,3/3/2013,sonya mullins,Nestle Aero Mint Potz,2,$479.00,,Kolkata,West Bengal,East,Sunday,,,,
,,3/3/2013,elaine ellis,Nestle Rolo Potz,2,$291.00,,Hyderabad,Telangana,South,Sunday,,,,
,,3/3/2013,elvira bowman,Nestle Smarties Pop-Up,4,$252.00,,Srinagar,Jammu and Kashmir,North,Sunday,,,,
,,3/3/2013,jaime pearson,Nestle Milky Bar Stick,3,$162.00,,Jodhpur,Rajasthan,North,Sunday,,,,
,,3/3/2013,iris underwood,Nestle Rowntree Screamers,1,$149.00,,Pune,Maharashtra,West,Sunday,,,,
,,3/3/2013,robert munoz,Nestle Smarties Pop-Up,2,$138.00,,Delhi,Delhi,North,Sunday,,,,
,,3/4/2013,iris underwood,Nestle Smarties Pop-Up,2,$383.00,,Pune,Maharashtra,West,Monday,,,,
,,3/4/2013,rachel gomez,Nestle Aero Mint Potz,2,$238.00,,Delhi,Delhi,North,Monday,,,,
,,3/4/2013,elvira bowman,Nestle Smarties Pop-Up,2,$415.00,,Srinagar,Jammu and Kashmir,North,Monday,,,,
,,3/4/2013,christy olson,Nestle Aero Mint Potz,1,$211.00,,Surat,Gujarat,West,Monday,,,,
,,3/4/2013,christina fuller,Nestle Milky Bar Stick,10,$101.00,,Nagpur,Maharashtra,West,Monday,,,,
,,3/4/2013,salvador bass,Nestle Nobbly Bobbly,1,$494.00,,Goa,Goa,West,Monday,,,,
,,3/4/2013,lorraine gibson,Nestle Milky Bar Stick,3,$389.00,,Kolkata,West Bengal,East,Monday,,,,
,,3/5/2013,don gonzales,Nestle Smarties Pop-Up,2,$235.00,,Mysore,Karnataka,South,Tuesday,,,,
,,3/5/2013,max rodgers,Nestle Smarties Pop-Up,3,$207.00,,Nagpur,Maharashtra,West,Tuesday,,,,
,,3/5/2013,charlie wood,Nestle Fab,3,$239.00,,Agra,Uttar Pradesh,North,Tuesday,,,,
,,3/5/2013,blake bridges,Nestle Kit Kat Cone,3,$429.00,,Cochin,Kerala,South,Tuesday,,,,
,,3/6/2013,billie chandler,Nestle Nobbly Bobbly,21,$367.00,,Surat,Gujarat,West,Wednesday,,,,
,,3/6/2013,lee mack,Nestle Rowntree Screamers,2,$364.00,,Delhi,Delhi,North,Wednesday,,,,
,,3/6/2013,isabel cross,Nestle Toffee Crumble,7,$125.00,,Ranchi,Jharkhand,East,Wednesday,,,,
,,3/6/2013,marian hill,Nestle Rolo Potz,2,$433.00,,Trivandrum,Kerala,South,Wednesday,,,,
,,3/6/2013,brooke horton,Nestle Fab,3,$496.00,,Nainital,Uttarakhand,North,Wednesday,,,,
,,3/7/2013,iris underwood,Nestle Milky Bar Stick,2,$104.00,,Pune,Maharashtra,West,Thursday,,,,
,,3/7/2013,rachel gomez,Nestle Maxibon Cookie,2,$401.00,,Delhi,Delhi,North,Thursday,,,,
,,3/7/2013,rachel gomez,Nestle Aero Mint Potz,16,$215.00,,Delhi,Delhi,North,Thursday,,,,
,,3/8/2013,joey wong,Nestle Maxibon Cookie,1,$211.00,,Goa,Goa,West,Friday,,,,
,,3/8/2013,kyle carr,Nestle Toffee Crumble,1,$130.00,,Delhi,Delhi,North,Friday,,,,
,,3/8/2013,lee mack,Nestle Toffee Crumble,4,$254.00,,Delhi,Delhi,North,Friday,,,,
,,3/8/2013,nellie joseph,Nestle Rowntree Fruit Pastil,3,$494.00,,Patna,Bihar,East,Friday,,,,
,,3/8/2013,felicia jennings,Nestle Milky Bar Stick,2,$265.00,,Pune,Maharashtra,West,Friday,,,,
,,3/8/2013,christina fuller,Nestle Milky Bar Stick,9,$243.00,,Nagpur,Maharashtra,West,Friday,,,,
,,3/9/2013,ivan adkins,Nestle Milky Bar Stick,3,$276.00,,Mumbai,Maharashtra,West,Saturday,,,,
,,3/9/2013,billie chandler,Nestle Aero Mint Potz,2,$489.00,,Surat,Gujarat,West,Saturday,,,,
,,3/9/2013,ellen weaver,Nestle Rowntree Fruit Pastil,3,$259.00,,Hyderabad,Telangana,South,Saturday,,,,
,,3/9/2013,sylvester morales,Nestle Smarties Pop-Up,2,$386.00,,Mumbai,Maharashtra,West,Saturday,,,,
,,3/9/2013,cassandra franklin,Nestle Rowntree Fruit Pastil,2,$471.00,,Delhi,Delhi,North,Saturday,,,,
,,3/9/2013,andrew meyer,Nestle Rolo Potz,2,$277.00,,Mumbai,Maharashtra,West,Saturday,,,,
,,3/10/2013,patty thompson,Nestle Smarties Pop-Up,11,$291.00,,Mumbai,Maharashtra,West,Sunday,,,,
,,3/10/2013,beth tucker,Nestle Rolo Potz,2,$437.00,,Pune,Maharashtra,West,Sunday,,,,
,,3/10/2013,drew rogers,Nestle Toffee Crumble,3,$159.00,,Delhi,Delhi,North,Sunday,,,,
,,3/10/2013,isabel cross,Nestle Fab,1,$138.00,,Ranchi,Jharkhand,East,Sunday,,,,
,,3/10/2013,cindy becker,Nestle Rolo Potz,2,$135.00,,Bangalore,Karnataka,South,Sunday,,,,
,,3/11/2013,drew rogers,Nestle Toffee Crumble,1,$290.00,,Delhi,Delhi,North,Monday,,,,
,,3/11/2013,robert munoz,Nestle Rowntree Screamers,3,$110.00,,Delhi,Delhi,North,Monday,,,,
,,3/11/2013,brooke horton,Nestle Fab,2,$348.00,,Nainital,Uttarakhand,North,Monday,,,,
,,3/11/2013,della jensen,Nestle Smarties Pop-Up,1,$351.00,,Patna,Bihar,East,Monday,,,,
,,3/11/2013,bethany pena,Nestle Nobbly Bobbly,1,$330.00,,Nagpur,Maharashtra,West,Monday,,,,
,,3/11/2013,mable lindsey,Nestle Fab,3,$318.00,,Ahmedabad,Gujarat,West,Monday,,,,
,,3/11/2013,salvador bass,Nestle Maxibon Cookie,1,$450.00,,Goa,Goa,West,Monday,,,,
,,3/12/2013,edwin malone,Nestle Aero Mint Potz,3,$472.00,,Kolkata,West Bengal,East,Tuesday,,,,
,,3/12/2013,fernando rowe,Nestle Milky Bar Stick,3,$245.00,,Ahmedabad,Gujarat,West,Tuesday,,,,
,,3/12/2013,felicia jennings,Nestle Smarties Pop-Up,2,$232.00,,Pune,Maharashtra,West,Tuesday,,,,
,,3/13/2013,isabel cross,Nestle Rowntree Fruit Pastil,4,$471.00,,Ranchi,Jharkhand,East,Wednesday,,,,
,,3/13/2013,cecilia manning,Nestle Milky Bar Stick,2,$404.00,,Trivandrum,Kerala,South,Wednesday,,,,
,,3/13/2013,donna reid,Nestle Toffee Crumble,2,$415.00,,Goa,Goa,West,Wednesday,,,,
,,3/14/2013,lynette brewer,Nestle Aero Mint Potz,1,$149.00,,Varanasi,Uttar Pradesh,North,Thursday,,,,
,,3/14/2013,iris underwood,Nestle Aero Mint Potz,3,$162.00,,Pune,Maharashtra,West,Thursday,,,,
,,3/14/2013,isabel cross,Nestle Toffee Crumble,2,$434.00,,Ranchi,Jharkhand,East,Thursday,,,,
,,3/14/2013,trevor jones,Nestle Smarties Pop-Up,2,$445.00,,Pune,Maharashtra,West,Thursday,,,,
,,3/15/2013,colleen warren,Nestle Fab,8,$282.00,,Ahmedabad,Gujarat,West,Friday,,,,
,,3/15/2013,lula daniels,Nestle Smarties Pop-Up,2,$263.00,,Nainital,Uttarakhand,North,Friday,,,,
,,3/15/2013,jenny garcia,Nestle Smarties Pop-Up,4,$113.00,,Shimla,Himachal Pradesh,North,Friday,,,,
,,3/16/2013,elbert klein,Nestle Smarties Pop-Up,1,$307.00,,Cochin,Kerala,South,Saturday,,,,
,,3/16/2013,nellie joseph,Nestle Smarties Pop-Up,1,$152.00,,Patna,Bihar,East,Saturday,,,,
,,3/16/2013,patty thompson,Nestle Milky Bar Stick,1,$163.00,,Mumbai,Maharashtra,West,Saturday,,,,
,,3/16/2013,edwin malone,Nestle Kit Kat Cone,2,$478.00,,Kolkata,West Bengal,East,Saturday,,,,
,,3/17/2013,brooke horton,Nestle Rolo Potz,1,$285.00,,Nainital,Uttarakhand,North,Sunday,,,,
,,3/17/2013,ruben nunez,Nestle Fab,2,$187.00,,Ahmedabad,Gujarat,West,Sunday,,,,
,,3/17/2013,brooke horton,Nestle Milky Bar Stick,1,$351.00,,Nainital,Uttarakhand,North,Sunday,,,,
,,3/17/2013,christy olson,Nestle Smarties Pop-Up,2,$241.00,,Surat,Gujarat,West,Sunday,,,,
,,3/17/2013,brooke horton,Nestle Toffee Crumble,3,$333.00,,Nainital,Uttarakhand,North,Sunday,,,,
,,3/17/2013,rachel gomez,Nestle Aero Mint Potz,2,$257.00,,Delhi,Delhi,North,Sunday,,,,
,,3/18/2013,robert munoz,Nestle Milky Bar Stick,3,$247.00,,Delhi,Delhi,North,Monday,,,,
,,3/18/2013,elaine ellis,Nestle Nobbly Bobbly,1,$224.00,,Hyderabad,Telangana,South,Monday,,,,
,,3/18/2013,andrew meyer,Nestle Fab,1,$126.00,,Mumbai,Maharashtra,West,Monday,,,,
,,3/18/2013,tracy reed,Nestle Rolo Potz,2,$451.00,,Agra,Uttar Pradesh,North,Monday,,,,
,,3/19/2013,marion glover,Nestle Aero Mint Potz,1,$210.00,,Durgapur,West Bengal,East,Tuesday,,,,
,,3/20/2013,donna reid,Nestle Smarties Pop-Up,1,$190.00,,Goa,Goa,West,Wednesday,,,,
,,3/20/2013,shari silva,Nestle Kit Kat Cone,2,$419.00,,Mysore,Karnataka,South,Wednesday,,,,
,,3/20/2013,austin reynolds,Nestle Fab,2,$151.00,,Kolkata,West Bengal,East,Wednesday,,,,
,,3/20/2013,bernadette page,Nestle Milky Bar Stick,2,$373.00,,Delhi,Delhi,North,Wednesday,,,,
,,3/20/2013,johanna boone,Nestle Toffee Crumble,3,$114.00,,Mysore,Karnataka,South,Wednesday,,,,
,,3/21/2013,ben perez,Nestle Rowntree Fruit Pastil,1,$179.00,,Goa,Goa,West,Thursday,,,,
,,3/21/2013,edwin malone,Nestle Kit Kat Cone,4,$274.00,,Kolkata,West Bengal,East,Thursday,,,,
,,3/21/2013,blake bridges,Nestle Maxibon Cookie,13,$213.00,,Cochin,Kerala,South,Thursday,,,,
,,3/21/2013,don gonzales,Nestle Fab,2,$412.00,,Mysore,Karnataka,South,Thursday,,,,
,,3/21/2013,cassandra franklin,Nestle Toffee Crumble,1,$458.00,,Delhi,Delhi,North,Thursday,,,,
,,3/21/2013,sylvester morales,Nestle Aero Mint Potz,2,$128.00,,Mumbai,Maharashtra,West,Thursday,,,,
,,3/21/2013,della jensen,Nestle Fab,1,$387.00,,Patna,Bihar,East,Thursday,,,,
,,3/21/2013,peter hodges,Nestle Toffee Crumble,4,$108.00,,Shimla,Himachal Pradesh,North,Thursday,,,,
,,3/22/2013,bernadette page,Nestle Rowntree Screamers,1,$213.00,,Delhi,Delhi,North,Friday,,,,
,,3/22/2013,johanna boone,Nestle Milky Bar Stick,1,$404.00,,Mysore,Karnataka,South,Friday,,,,
,,3/22/2013,dan peterson,Nestle Rolo Potz,3,$411.00,,Shimla,Himachal Pradesh,North,Friday,,,,
,,3/22/2013,lorraine gibson,Nestle Fab,3,$422.00,,Kolkata,West Bengal,East,Friday,,,,
,,3/23/2013,bernadette page,Nestle Kit Kat Cone,2,$380.00,,Delhi,Delhi,North,Saturday,,,,
,,3/23/2013,austin reynolds,Nestle Aero Mint Potz,4,$377.00,,Kolkata,West Bengal,East,Saturday,,,,
,,3/23/2013,allan ramos,Nestle Fab,2,$158.00,,Jodhpur,Rajasthan,North,Saturday,,,,
,,3/23/2013,edwin malone,Nestle Milky Bar Stick,1,$196.00,,Kolkata,West Bengal,East,Saturday,,,,
,,3/23/2013,drew rogers,Nestle Rowntree Fruit Pastil,1,$160.00,,Delhi,Delhi,North,Saturday,,,,
,,3/24/2013,brooke horton,Nestle Smarties Pop-Up,1,$176.00,,Nainital,Uttarakhand,North,Sunday,,,,
,,3/24/2013,cindy becker,Nestle Maxibon Cookie,2,$350.00,,Bangalore,Karnataka,South,Sunday,,,,
,,3/24/2013,jaime pearson,Nestle Rowntree Fruit Pastil,3,$295.00,,Jodhpur,Rajasthan,North,Sunday,,,,
,,3/24/2013,patty thompson,Nestle Rowntree Fruit Pastil,2,$359.00,,Mumbai,Maharashtra,West,Sunday,,,,
,,3/24/2013,mable lindsey,Nestle Rowntree Fruit Pastil,17,$138.00,,Ahmedabad,Gujarat,West,Sunday,,,,
,,3/24/2013,sonya mullins,Nestle Smarties Pop-Up,3,$187.00,,Kolkata,West Bengal,East,Sunday,,,,
,,3/25/2013,cecilia manning,Nestle Smarties Pop-Up,3,$144.00,,Trivandrum,Kerala,South,Monday,,,,
,,3/25/2013,tiffany may,Nestle Maxibon Cookie,3,$180.00,,Agra,Uttar Pradesh,North,Monday,,,,
,,3/25/2013,isabel cross,Nestle Milky Bar Stick,2,$195.00,,Ranchi,Jharkhand,East,Monday,,,,
,,3/25/2013,willie vega,Nestle Rowntree Fruit Pastil,2,$415.00,,Delhi,Delhi,North,Monday,,,,
,,3/25/2013,drew rogers,Nestle Rowntree Fruit Pastil,3,$365.00,,Delhi,Delhi,North,Monday,,,,
,,3/25/2013,della jensen,Nestle Fab,1,$463.00,,Patna,Bihar,East,Monday,,,,
,,3/25/2013,pauline beck,Nestle Smarties Pop-Up,2,$404.00,,Pune,Maharashtra,West,Monday,,,,
,,3/26/2013,pauline beck,Nestle Aero Mint Potz,3,$257.00,,Pune,Maharashtra,West,Tuesday,,,,
,,3/26/2013,peter hodges,Nestle Smarties Pop-Up,2,$126.00,,Shimla,Himachal Pradesh,North,Tuesday,,,,
,,3/26/2013,cassandra franklin,Nestle Rolo Potz,13,$279.00,,Delhi,Delhi,North,Tuesday,,,,
,,3/26/2013,fernando rowe,Nestle Rowntree Fruit Pastil,2,$137.00,,Ahmedabad,Gujarat,West,Tuesday,,,,
,,3/26/2013,elvira bowman,Nestle Maxibon Cookie,3,$254.00,,Srinagar,Jammu and Kashmir,North,Tuesday,,,,
,,3/27/2013,cassandra franklin,Nestle Rowntree Fruit Pastil,2,$288.00,,Delhi,Delhi,North,Wednesday,,,,
,,3/27/2013,isabel cross,Nestle Smarties Pop-Up,2,$171.00,,Ranchi,Jharkhand,East,Wednesday,,,,
,,3/27/2013,isabel cross,Nestle Kit Kat Cone,2,$238.00,,Ranchi,Jharkhand,East,Wednesday,,,,
,,3/27/2013,jenny garcia,Nestle Fab,2,$313.00,,Shimla,Himachal Pradesh,North,Wednesday,,,,
,,3/28/2013,drew rogers,Nestle Fab,20,$389.00,,Delhi,Delhi,North,Thursday,,,,
,,3/28/2013,salvador bass,Nestle Aero Mint Potz,2,$382.00,,Goa,Goa,West,Thursday,,,,
,,3/28/2013,charlie wood,Nestle Rowntree Fruit Pastil,1,$128.00,,Agra,Uttar Pradesh,North,Thursday,,,,
,,3/28/2013,cindy becker,Nestle Aero Mint Potz,1,$338.00,,Bangalore,Karnataka,South,Thursday,,,,
,,3/28/2013,sandra floyd,Nestle Toffee Crumble,17,$209.00,,Nainital,Uttarakhand,North,Thursday,,,,
,,3/28/2013,elvira bowman,Nestle Fab,1,$252.00,,Srinagar,Jammu and Kashmir,North,Thursday,,,,
,,3/28/2013,cassandra franklin,Nestle Smarties Pop-Up,3,$279.00,,Delhi,Delhi,North,Thursday,,,,
,,3/28/2013,robert munoz,Nestle Fab,3,$437.00,,Delhi,Delhi,North,Thursday,,,,
,,3/29/2013,lorraine gibson,Nestle Smarties Pop-Up,2,$330.00,,Kolkata,West Bengal,East,Friday,,,,
,,3/29/2013,salvador bass,Nestle Milky Bar Stick,3,$490.00,,Goa,Goa,West,Friday,,,,
,,3/29/2013,brooke horton,Nestle Kit Kat Cone,1,$353.00,,Nainital,Uttarakhand,North,Friday,,,,
,,3/30/2013,eddie green,Nestle Smarties Pop-Up,3,$180.00,,Durgapur,West Bengal,East,Saturday,,,,
,,3/30/2013,null,Nestle Fab,3,$202.00,,Delhi,Delhi,North,Saturday,,,,
,,3/30/2013,drew rogers,Nestle Toffee Crumble,25,$147.00,,Delhi,Delhi,North,Saturday,,,,
,,3/30/2013,drew rogers,Nestle Rolo Potz,2,$232.00,,Delhi,Delhi,North,Saturday,,,,
,,3/31/2013,cindy becker,Nestle Rolo Potz,3,$123.00,,Bangalore,Karnataka,South,Sunday,,,,
,,3/31/2013,salvador bass,Nestle Fab,3,$287.00,,Goa,Goa,West,Sunday,,,,
,,3/31/2013,beth tucker,Nestle Smarties Pop-Up,16,$139.00,,Pune,Maharashtra,West,Sunday,,,,
,,3/31/2013,fernando rowe,Nestle Toffee Crumble,18,$295.00,,Ahmedabad,Gujarat,West,Sunday,,,,
,,3/31/2013,marian hill,Nestle Fab,2,$344.00,,Trivandrum,Kerala,South,Sunday,,,,
,,4/1/2013,joey wong,Nestle Rowntree Screamers,21,$200.00,,Goa,Goa,West,Monday,,,,
,,4/2/2013,lula daniels,Nestle Rolo Potz,3,$416.00,,Nainital,Uttarakhand,North,Tuesday,,,,
,,4/2/2013,cassandra franklin,Nestle Smarties Pop-Up,1,$466.00,,Delhi,Delhi,North,Tuesday,,,,
,,4/2/2013,mable lindsey,Nestle Fab,2,$391.00,,Ahmedabad,Gujarat,West,Tuesday,,,,
,,4/3/2013,mable lindsey,Nestle Milky Bar Stick,2,$137.00,,Ahmedabad,Gujarat,West,Wednesday,,,,
,,4/3/2013,billie chandler,Nestle Rowntree Fruit Pastil,1,$286.00,,Surat,Gujarat,West,Wednesday,,,,
,,4/4/2013,brooke horton,Nestle Smarties Pop-Up,23,$468.00,,Nainital,Uttarakhand,North,Thursday,,,,
,,4/4/2013,isabel cross,Nestle Smarties Pop-Up,1,$122.00,,Ranchi,Jharkhand,East,Thursday,,,,
,,4/4/2013,don gonzales,Nestle Rolo Potz,1,$145.00,,Mysore,Karnataka,South,Thursday,,,,
,,4/5/2013,jaime pearson,Nestle Smarties Pop-Up,1,$124.00,,Jodhpur,Rajasthan,North,Friday,,,,
,,4/5/2013,lance yates,Nestle Aero Mint Potz,1,$171.00,,Srinagar,Jammu and Kashmir,North,Friday,,,,
,,4/5/2013,lynette brewer,Nestle Rolo Potz,2,$442.00,,Varanasi,Uttar Pradesh,North,Friday,,,,
,,4/5/2013,guillermo potter,Nestle Rolo Potz,3,$463.00,,Nainital,Uttarakhand,North,Friday,,,,
,,4/6/2013,mable lindsey,Nestle Aero Mint Potz,2,$342.00,,Ahmedabad,Gujarat,West,Saturday,,,,
,,4/6/2013,isabel cross,Nestle Aero Mint Potz,1,$262.00,,Ranchi,Jharkhand,East,Saturday,,,,
,,4/7/2013,robert munoz,Nestle Rowntree Fruit Pastil,15,$325.00,,Delhi,Delhi,North,Sunday,,,,
,,4/7/2013,cassandra franklin,Nestle Smarties Pop-Up,3,$221.00,,Delhi,Delhi,North,Sunday,,,,
,,4/7/2013,nellie joseph,Nestle Fab,2,$445.00,,Patna,Bihar,East,Sunday,,,,
,,4/7/2013,paulette spencer,Nestle Smarties Pop-Up,3,$178.00,,Hyderabad,Telangana,South,Sunday,,,,
,,4/8/2013,rachel gomez,Nestle Milky Bar Stick,2,$228.00,,Delhi,Delhi,North,Monday,,,,
,,4/8/2013,colleen warren,Nestle Fab,1,$221.00,,Ahmedabad,Gujarat,West,Monday,,,,
,,4/8/2013,christy olson,Nestle Maxibon Cookie,3,$335.00,,Surat,Gujarat,West,Monday,,,,
,,4/8/2013,robert munoz,Nestle Toffee Crumble,3,$248.00,,Delhi,Delhi,North,Monday,,,,
,,4/8/2013,ivan adkins,Nestle Milky Bar Stick,3,$308.00,,Mumbai,Maharashtra,West,Monday,,,,
,,4/9/2013,ernest davis,Nestle Nobbly Bobbly,1,$222.00,,Mumbai,Maharashtra,West,Tuesday,,,,
,,4/9/2013,billie chandler,Nestle Fab,1,$199.00,,Surat,Gujarat,West,Tuesday,,,,
,,4/9/2013,cecilia manning,Nestle Milky Bar Stick,3,$239.00,,Trivandrum,Kerala,South,Tuesday,,,,
,,4/9/2013,carla mccormick,Nestle Smarties Pop-Up,14,$121.00,,Varanasi,Uttar Pradesh,North,Tuesday,,,,
,,4/9/2013,brooke horton,Nestle Milky Bar Stick,3,$171.00,,Nainital,Uttarakhand,North,Tuesday,,,,
,,4/10/2013,brooke horton,Nestle Rolo Potz,2,$320.00,,Nainital,Uttarakhand,North,Wednesday,,,,
,,4/10/2013,cindy becker,Nestle Fab,2,$406.00,,Bangalore,Karnataka,South,Wednesday,,,,
,,4/10/2013,ruben nunez,Nestle Kit Kat Cone,3,$356.00,,Ahmedabad,Gujarat,West,Wednesday,,,,
,,4/10/2013,cindy becker,Nestle Milky Bar Stick,1,$202.00,,Bangalore,Karnataka,South,Wednesday,,,,
,,4/10/2013,bernadette page,Nestle Rolo Potz,2,$210.00,,Delhi,Delhi,North,Wednesday,,,,
,,4/10/2013,lynette brewer,Nestle Fab,2,$399.00,,Varanasi,Uttar Pradesh,North,Wednesday,,,,
,,4/11/2013,dan peterson,Nestle Nobbly Bobbly,2,$471.00,,Shimla,Himachal Pradesh,North,Thursday,,,,
,,4/11/2013,donna reid,Nestle Milky Bar Stick,4,$251.00,,Goa,Goa,West,Thursday,,,,
,,4/12/2013,jenny garcia,Nestle Rowntree Fruit Pastil,4,$177.00,,Shimla,Himachal Pradesh,North,Friday,,,,
,,4/12/2013,shari silva,Nestle Fab,5,$333.00,,Mysore,Karnataka,South,Friday,,,,
,,4/12/2013,charlie wood,Nestle Fab,3,$233.00,,Agra,Uttar Pradesh,North,Friday,,,,
,,4/12/2013,blake bridges,Nestle Smarties Pop-Up,1,$194.00,,Cochin,Kerala,South,Friday,,,,
,,4/13/2013,max rodgers,Nestle Nobbly Bobbly,1,$343.00,,Nagpur,Maharashtra,West,Saturday,,,,
,,4/13/2013,paulette spencer,Nestle Rowntree Fruit Pastil,19,$366.00,,Hyderabad,Telangana,South,Saturday,,,,
,,4/13/2013,mable lindsey,Nestle Aero Mint Potz,3,$498.00,,Ahmedabad,Gujarat,West,Saturday,,,,
,,4/13/2013,ruben nunez,Nestle Milky Bar Stick,2,$229.00,,Ahmedabad,Gujarat,West,Saturday,,,,
,,4/13/2013,christina fuller,Nestle Maxibon Cookie,16,$424.00,,Nagpur,Maharashtra,West,Saturday,,,,
,,4/13/2013,billie chandler,Nestle Toffee Crumble,1,$106.00,,Surat,Gujarat,West,Saturday,,,,
,,4/14/2013,mable lindsey,Nestle Rolo Potz,2,$289.00,,Ahmedabad,Gujarat,West,Sunday,,,,
,,4/14/2013,shari silva,Nestle Smarties Pop-Up,1,$380.00,,Mysore,Karnataka,South,Sunday,,,,
,,4/14/2013,shari silva,Nestle Toffee Crumble,2,$494.00,,Mysore,Karnataka,South,Sunday,,,,
,,4/14/2013,elvira bowman,Nestle Rowntree Fruit Pastil,2,$258.00,,Srinagar,Jammu and Kashmir,North,Sunday,,,,
,,4/15/2013,trevor jones,Nestle Smarties Pop-Up,3,$303.00,,Pune,Maharashtra,West,Monday,,,,
,,4/15/2013,salvador bass,Nestle Smarties Pop-Up,3,$415.00,,Goa,Goa,West,Monday,,,,
,,4/15/2013,fernando rowe,Nestle Kit Kat Cone,1,$169.00,,Ahmedabad,Gujarat,West,Monday,,,,
,,4/15/2013,cassandra franklin,Nestle Rowntree Fruit Pastil,3,$257.00,,Delhi,Delhi,North,Monday,,,,
,,4/15/2013,cecilia manning,Nestle Rolo Potz,1,$397.00,,Trivandrum,Kerala,South,Monday,,,,
,,4/15/2013,sonya mullins,Nestle Milky Bar Stick,3,$468.00,,Kolkata,West Bengal,East,Monday,,,,
,,4/16/2013,elvira bowman,Nestle Kit Kat Cone,1,$161.00,,Srinagar,Jammu and Kashmir,North,Tuesday,,,,
,,4/16/2013,joey wong,Nestle Aero Mint Potz,2,$101.00,,Goa,Goa,West,Tuesday,,,,
,,4/16/2013,cassandra franklin,Nestle Toffee Crumble,3,$178.00,,Delhi,Delhi,North,Tuesday,,,,
,,4/16/2013,don gonzales,Nestle Rowntree Fruit Pastil,3,$103.00,,Mysore,Karnataka,South,Tuesday,,,,
,,4/16/2013,lula daniels,Nestle Smarties Pop-Up,2,$247.00,,Nainital,Uttarakhand,North,Tuesday,,,,
,,4/16/2013,rachel gomez,Nestle Milky Bar Stick,1,$239.00,,Delhi,Delhi,North,Tuesday,,,,
,,4/17/2013,trevor jones,Nestle Aero Mint Potz,1,$321.00,,Pune,Maharashtra,West,Wednesday,,,,
,,4/18/2013,max rodgers,Nestle Kit Kat Cone,2,$210.00,,Nagpur,Maharashtra,West,Thursday,,,,
,,4/18/2013,ben perez,Nestle Rowntree Fruit Pastil,3,$216.00,,Goa,Goa,West,Thursday,,,,
,,4/18/2013,lorraine gibson,Nestle Aero Mint Potz,21,$301.00,,Kolkata,West Bengal,East,Thursday,,,,
,,4/18/2013,ruben nunez,Nestle Smarties Pop-Up,2,$120.00,,Ahmedabad,Gujarat,West,Thursday,,,,
,,4/18/2013,allan ramos,Nestle Aero Mint Potz,2,$250.00,,Jodhpur,Rajasthan,North,Thursday,,,,
,,4/19/2013,mable lindsey,Nestle Milky Bar Stick,2,$188.00,,Ahmedabad,Gujarat,West,Friday,,,,
,,4/19/2013,guillermo potter,Nestle Kit Kat Cone,3,$471.00,,Nainital,Uttarakhand,North,Friday,,,,
,,4/19/2013,della jensen,Nestle Smarties Pop-Up,15,$110.00,,Patna,Bihar,East,Friday,,,,
,,4/19/2013,brooke horton,Nestle Aero Mint Potz,3,$189.00,,Nainital,Uttarakhand,North,Friday,,,,
,,4/19/2013,edwin malone,Nestle Kit Kat Cone,3,$277.00,,Kolkata,West Bengal,East,Friday,,,,